@book{Knuth:1998:ACP:280635,
 author = {Knuth, Donald E.},
 title = {The Art of Computer Programming,  Volume 3: (2nd Ed.) Sorting and Searching},
 year = {1998},
 pages = {158--168},
 isbn = {0-201-89685-0},
 publisher = {Addison Wesley Longman Publishing Co., Inc.},
 address = {Redwood City, CA, USA},
} 


@online{BitonicSlides,
 author = {John Mellor-Crummey},
 title = {Comp 322 Lecture 28: Bitonic Sort},
 year = {2012},
 url = {https://wiki.rice.edu/confluence/download/attachments/4435861/comp322-s12-lec28-slides-JMC.pdf?version=1&modificationDate=1333163955158},
 urldate = {2013-12-10}
}

@online{QuickSortDiagram,
 title = {Quicksort},
 url = {http://www.algolist.net/Algorithms/Sorting/Quicksort},
 urldate = {2013-12-10}
}