@article{Batcher1968,
author = {Batcher, KE},
file = {:Users/josh/Library/Application Support/Mendeley Desktop/Downloaded/Batcher - 1968 - Sorting networks and their applications.pdf:pdf},
journal = {Proceedings of the April 30--May 2, 1968, spring joint \ldots},
number = {Figure 1},
pages = {307--314},
title = {{Sorting networks and their applications}},
url = {http://dl.acm.org/citation.cfm?id=1468121},
year = {1968}
}
@article{Blelloch1998,
author = {Blelloch, GE and Leiserson, CE},
file = {:Users/josh/Library/Application Support/Mendeley Desktop/Downloaded/Blelloch, Leiserson - 1998 - An Experimental Analysis of Parallel Sorting Algorithms.pdf:pdf},
journal = {Theory of Computing \ldots},
pages = {135--167},
title = {{An Experimental Analysis of Parallel Sorting Algorithms}},
url = {http://link.springer.com/article/10.1007/s002240000083},
volume = {167},
year = {1998}
}
@article{Kale1993,
author = {Kale, Laxmikant V. and Krishnan, Sanjeev},
doi = {10.1109/ICPP.1993.17},
file = {:Users/josh/Library/Application Support/Mendeley Desktop/Downloaded/Kale, Krishnan - 1993 - A Comparison Based Parallel Sorting Algorithm.pdf:pdf},
isbn = {0-8493-8983-6},
journal = {1993 International Conference on Parallel Processing - ICPP'93 Vol3},
month = aug,
pages = {196--200},
publisher = {Ieee},
title = {{A Comparison Based Parallel Sorting Algorithm}},
url = {http://ieeexplore.ieee.org/lpdocs/epic03/wrapper.htm?arnumber=4134268},
year = {1993}
}
@article{Peters2012,
author = {Peters, Hagen and Schulz-Hildebrandt, Ole and Luttenberger, Norbert},
doi = {10.1109/IPDPS.2012.30},
file = {:Users/josh/Library/Application Support/Mendeley Desktop/Downloaded/Peters, Schulz-Hildebrandt, Luttenberger - 2012 - A Novel Sorting Algorithm for Many-core Architectures Based on Adaptive Bitonic Sort.pdf:pdf},
isbn = {978-1-4673-0975-2},
journal = {2012 IEEE 26th International Parallel and Distributed Processing Symposium},
keywords = {-sorting,ascending,bitonic sort,cuda,descending descending,many-core,parallel},
month = may,
pages = {227--237},
publisher = {Ieee},
title = {{A Novel Sorting Algorithm for Many-core Architectures Based on Adaptive Bitonic Sort}},
url = {http://ieeexplore.ieee.org/lpdocs/epic03/wrapper.htm?arnumber=6267838},
volume = {1},
year = {2012}
}
@article{Solomonik2010,
author = {Solomonik, Edgar and Kale, Laxmikant V.},
doi = {10.1109/IPDPS.2010.5470406},
file = {:Users/josh/Library/Application Support/Mendeley Desktop/Downloaded/Solomonik, Kale - 2010 - Highly scalable parallel sorting.pdf:pdf},
isbn = {978-1-4244-6442-5},
journal = {2010 IEEE International Symposium on Parallel \& Distributed Processing (IPDPS)},
pages = {1--12},
publisher = {Ieee},
title = {{Highly scalable parallel sorting}},
url = {http://ieeexplore.ieee.org/lpdocs/epic03/wrapper.htm?arnumber=5470406},
year = {2010}
}
@article{Hoare1961,
author = {Hoare, C A R},
doi = {10.1145/366622.366644},
file = {:Users/josh/Downloads/p321-hoare.pdf:pdf},
journal = {Communications of the ACM},
number = {7},
pages = {321--322},
title = {{Algorithm 64: Quicksort}},
url = {http://dx.doi.org.proxy.lib.pdx.edu/10.1145/366622.366644},
volume = {4},
year = {1961}
}
@article{Hoare1962,
author = {Hoare, CAR},
doi = {10.1093/comjnl/5.1.10},
file = {:Users/josh/Downloads/The Computer Journal-1962-Hoare-10-6.pdf:pdf},
journal = {The Computer Journal},
number = {1},
title = {{Quicksort}},
url = {http://comjnl.oxfordjournals.org/content/5/1/10.short},
volume = {5},
year = {1962}
}
